@string{TOPLAS = "ACM TOPLAS"}
@string{TOPLAS = "ACM Trans. on Programming Languages and Systems"}
@string{JACM = "Journal of ACM"}
@string{CSurvey = "ACM Computing Surveys"}
@string{AI = "Artificial Intelligence"}
@string{SOCP = "Science of Computer Programming"}
@string{JLSC = "Journal of LISP and Symbolic Computation"}
@string{SPE = "Software - Practice and Experience"}
@string{Acta = "Acta Informatica"}
@string{LNCS = "Lect. Notes Comput. Sc."}
#@string{PEPM = "ACM SIGPLAN Workshop on Partial Evaluation and Semantics-Based Program Manipulation"}
@string{VMCAI = "VMCAI"}
@string{VMCAI = "Intl Conf. on Verification, Model Checking and Abstract Interpretation"}
@string{LOPSTR = "LOPSTR"}
@string{CADE = "International Conference on Automated Deduction "}
@string{ICTAC = "International Colloquium on Theoretical Aspects of Computing"}
@string{APLAS = "APLAS"}
@string{SAS = "SAS"}
@string{LICS = "IEEE LICS"}
@string{LICS = "IEEE Logic in Computer Science"}
#@string{ICSE = "IEEE / ACM SIGSOFT ICSE"}
@string{ICSE = "IEEE/ACM Intl. Conf. on Software Engineering"}
#@string{PLDI = "ACM SIGPLAN Conf. on Programming Language Design and Implementation"}
@string{PLDI = "ACM PLDI"}
@string{PEPM = "ACM SIGPLAN PEPM"}
@string{ICFP = "ACM SIGPLAN ICFP"}
@string{POPL = "ACM Principles of Programming Languages"}
@string{POPL = "ACM POPL"}
@string{PPOPP = "ACM PPoPP"}
@string{ECOOP = "European Conf on Object-Oriented Programming (ECOOP)"}
@string{ECOOP = "ECOOP"}
@string{ESOP = "ESOP"}
@string{OOPSLA = "ACM SIGPLAN OOPSLA"}
#@string{OOPSLA = "SIGPLAN OOPSLA"}
@string{OOPSLA = "SIGPLAN Object-Oriented Programming Systems, Languages and Applications"}
@string{CC = "Compiler Construction"}
@string{TACAS = "TACAS"}
@string{IEEEComputer = "IEEE Computer"}
@string{ESEC/FSE = "ESEC / SIGSOFT FSE"}
@string{ESEC/FSE = "ESEC/SIGSOFT Foundations of Software Engr."}
@string{ASE = "IEEE/ACM ASE"}
@string{FM = "International Symposium on Formal Methods"}





@article{caires2008spatial,
  title={{Spatial-Behavioral Types for Concurrency and Resource Control in Distributed Systems}},
  author={Caires, Lu{\'\i}s},
  journal={Theoretical Computer Science},
  volume={402},
  number={2-3},
  pages={120--141},
  year={2008},
  publisher={Elsevier}

}


@inproceedings{caires2013type,
  title={{The Type Discipline of Behavioral Separation}},
  author={Caires, Lu{\'\i}s and Seco, Joao C},
  booktitle={ACM SIGPLAN Notices},
  volume={48},
  number={1},
  pages={275--286},
  year={2013},
  organization={ACM}
}





@article{IGARASHI:tcs2014,
title = {{A Generic Type System for the Pi-Calculus}},
journal = "Theoretical Computer Science",
volume = "311",
number = "1",
pages = "121 - 163",
year = "2004",
note = "",
issn = "0304-3975",
author = "Atsushi Igarashi and Naoki Kobayashi",

}


@inproceedings{lindley2015semantics,
  title={{A Semantics for Propositions as Sessions}},
  author={Lindley, Sam and Morris, J Garrett},
  booktitle={ESOP},
  pages={560--584},
  year={2015},
  organization={Springer}
}



@inproceedings{lindley2016embedding,
  title={{Embedding Session Types in Haskell}},
  author={Lindley, Sam and Morris, J Garrett},
  booktitle={Proceedings of the 9th International Symposium on Haskell},
  pages={133--145},
  year={2016},
  organization={ACM}
}



@article{gay2010linear,
  title={{Linear Type Theory for Asynchronous Session Types}},
  author={Gay, Simon J and Vasconcelos, Vasco T},
  journal={Journal of Functional Programming},
  volume={20},
  number={01},
  pages={19--50},
  year={2010},
  publisher={Cambridge Univ Press}
}


@article{kouzapas2016asynchronous,
  title={{On Asynchronous Eventful Session Semantics}},
  author={Kouzapas, Dimitrios and Yoshida, Nobuko and Hu, Raymond and Honda, Kohei},
  journal={Mathematical Structures in Computer Science},
  volume={26},
  number={02},
  pages={303--364},
  year={2016},
  publisher={Cambridge Univ Press}
}




@inproceedings{padovani2014deadlock,
  title={{Deadlock and Lock Freedom in the Linear $\pi$-calculus}},
  author={Padovani, Luca},
  booktitle={Proceedings of the Joint Meeting of the Twenty-Third EACSL Annual Conference on Computer Science Logic (CSL) and the Twenty-Ninth Annual ACM/IEEE Symposium on Logic in Computer Science (LICS)},
  pages={72},
  year={2014},
  organization={ACM}
}



@inproceedings{giachino2014deadlock,
  title={{Deadlock Analysis of Unbounded Process Networks}},
  author={Giachino, Elena and Kobayashi, Naoki and Laneve, Cosimo},
  booktitle={International Conference on Concurrency Theory},
  pages={63--77},
  year={2014},
  organization={Springer}
}

@inproceedings{nielson1993cml,
  title={From CML to Process Algebras},
  author={Nielson, Flemming and Nielson, Hanne Riis},
  booktitle={CONCUR},
  pages={493--508},
  year={1993},
  organization={Springer}
}

@article{nielson1996cml,
  title={{From CML to its Process Algebra}},
  author={Nielson, Flemming and Nielson, Hanne Riis},
  journal={Theoretical Computer Science},
  volume={155},
  number={1},
  pages={179--219},
  year={1996},
  publisher={Elsevier}
}


@article{kobayashi2002type,
  title={{A Type System for Lock-free Processes}},
  author={Kobayashi, Naoki},
  journal={IC},
  volume={177},
  number={2},
  year={2002},
  publisher={Elsevier}
}

@inproceedings{kobayashi2000type,
  title={{Type Systems for Concurrent Processes: From Deadlock-freedom to Livelock-freedom, Time-boundedness}},
  author={Kobayashi, Naoki},
  booktitle={IFIP TCS},
  pages={365--389},
  year={2000},
  organization={Springer}
}

@incollection{kobayashi2003type,
  title={{Type Systems for Concurrent Programs}},
  author={Kobayashi, Naoki},
  booktitle={Formal Methods at the Crossroads. From Panacea to Foundational Support},
  pages={439--453},
  year={2003},
  publisher={Springer}
}

@incollection{kobayashi2006new,
  title={{A New Type System for Deadlock-free Processes}},
  author={Kobayashi, Naoki},
  booktitle={CONCUR},
  pages={233--247},
  year={2006},
  publisher={Springer Berlin Heidelberg}
}




@inproceedings{Svendsen:esop2014,
 author = {Svendsen, Kasper and Birkedal, Lars},
 title = {Impredicative Concurrent Abstract Predicates},
 booktitle = {ESOP},
 year = {2014},
 pages = {149--168},
 numpages = {20},
 publisher = {Springer-Verlag New York, Inc.},
 address = {New York, NY, USA},
}



@inproceedings{Jung:popl2015,
 author = {Jung, Ralf and Swasey, David and Sieczkowski, Filip and Svendsen, Kasper and Turon, Aaron and Birkedal, Lars and Dreyer, Derek},
 title = {Iris: Monoids and Invariants As an Orthogonal Basis for Concurrent Reasoning},
 booktitle = {POPL},
 series = {POPL '15},
 year = {2015},
 isbn = {978-1-4503-3300-9},
 location = {Mumbai, India},
 pages = {637--650},
 numpages = {14},
 acmid = {2676980},
 publisher = {ACM},
 address = {New York, NY, USA},
 keywords = {atomicity, compositional verification, fine-grained concurrency, higher-order logic, invariants, partial commutative monoids, separation logic},
}



@inproceedings{Bornat:popl2005,
 author = {Bornat, Richard and Calcagno, Cristiano and O'Hearn, Peter and Parkinson, Matthew},
 title = {Permission Accounting in Separation Logic},
 booktitle = {Proceedings of the 32Nd ACM SIGPLAN-SIGACT Symposium on Principles of Programming Languages},
 series = {POPL '05},
 year = {2005},
 isbn = {1-58113-830-X},
 location = {Long Beach, California, USA},
 pages = {259--270},
 numpages = {12},
 acmid = {1040327},
 publisher = {ACM},
 address = {New York, NY, USA},
 keywords = {concurrency, logic, permissions, separation},
}





@inproceedings{Dodds:popl2011,
 author = {Dodds, Mike and Jagannathan, Suresh and Parkinson, Matthew J.},
 title = {Modular Reasoning for Deterministic Parallelism},
 booktitle = {Proceedings of the 38th Annual ACM SIGPLAN-SIGACT Symposium on Principles of Programming Languages},
 series = {POPL '11},
 year = {2011},
 isbn = {978-1-4503-0490-0},
 location = {Austin, Texas, USA},
 pages = {259--270},
 numpages = {12},
 acmid = {1926416},
 publisher = {ACM},
 address = {New York, NY, USA},
 keywords = {concurrency, concurrent abstract predicates, futures, separation logic},
}



@article{kobayashi2017deadlock,
  title={{Deadlock Analysis of Unbounded Process Networks}},
  author={Kobayashi, Naoki and Laneve, Cosimo},
  journal={IC},
  volume={252},
  pages={48--70},
  year={2017},
  publisher={Elsevier}
}




@inproceedings{Bouajjani:popl2017,
 author = {Bouajjani, Ahmed and Enea, Constantin and Guerraoui, Rachid and Hamza, Jad},
 title = {On Verifying Causal Consistency},
 booktitle = {Proceedings of the 44th ACM SIGPLAN Symposium on Principles of Programming Languages},
 series = {POPL 2017},
 year = {2017},
 isbn = {978-1-4503-4660-3},
 location = {Paris, France},
 pages = {626--638},
 numpages = {13},
 publisher = {ACM},
 address = {New York, NY, USA},
 keywords = {causal consistency, distributed systems, model checking, static program analysis},
}





@inproceedings{Voung:fse07,
 author = {Voung, Jan Wen and Jhala, Ranjit and Lerner, Sorin},
 title = {RELAY: Static Race Detection on Millions of Lines of Code},
 booktitle = {Proceedings of the the 6th Joint Meeting of the European Software Engineering Conference and the ACM SIGSOFT Symposium on The Foundations of Software Engineering},
 series = {ESEC-FSE '07},
 year = {2007},
 isbn = {978-1-59593-811-4},
 location = {Dubrovnik, Croatia},
 pages = {205--214},
 numpages = {10},
 acmid = {1287654},
 publisher = {ACM},
 address = {New York, NY, USA},
 keywords = {race detection, static analysis},
}


@inproceedings{Yoga:fse16,
 author = {Yoga, Adarsh and Nagarakatte, Santosh and Gupta, Aarti},
 title = {Parallel Data Race Detection for Task Parallel Programs with Locks},
 booktitle = {Proceedings of the 2016 24th ACM SIGSOFT International Symposium on Foundations of Software Engineering},
 series = {FSE 2016},
 year = {2016},
 isbn = {978-1-4503-4218-6},
 location = {Seattle, WA, USA},
 pages = {833--845},
 numpages = {13},
 acmid = {2950329},
 publisher = {ACM},
 address = {New York, NY, USA},
 keywords = {Data Races, Fork Join Programs, Intel TBB},
}


@inproceedings{Rajagopalan:fse15,
 author = {Rajagopalan, Arun K. and Huang, Jeff},
 title = {RDIT: Race Detection from Incomplete Traces},
 booktitle = {Proceedings of the 2015 10th Joint Meeting on Foundations of Software Engineering},
 series = {ESEC/FSE 2015},
 year = {2015},
 isbn = {978-1-4503-3675-8},
 location = {Bergamo, Italy},
 pages = {914--917},
 numpages = {4},
 acmid = {2803209},
 publisher = {ACM},
 address = {New York, NY, USA},
 keywords = {Data Race, Happens-Before, Missing Trace, Precise, Reachable Addresses},
}

@inproceedings{Kahlon:fse09,
 author = {Kahlon, Vineet and Sinha, Nishant and Kruus, Erik and Zhang, Yun},
 title = {Static Data Race Detection for Concurrent Programs with Asynchronous Calls},
 booktitle = {Proceedings of the the 7th Joint Meeting of the European Software Engineering Conference and the ACM SIGSOFT Symposium on The Foundations of Software Engineering},
 series = {ESEC/FSE '09},
 year = {2009},
 isbn = {978-1-60558-001-2},
 location = {Amsterdam, The Netherlands},
 pages = {13--22},
 numpages = {10},
 acmid = {1595701},
 publisher = {ACM},
 address = {New York, NY, USA},
 keywords = {asynchronous programs, bootstrapping, pointer analysis, static data race detection},
}

@article{Chin:2012:AVS:2221987.2222283,
 author = {Chin, Wei-Ngan and David, Cristina and Nguyen, Huu Hai and Qin, Shengchao},
 title = {Automated Verification of Shape, Size and Bag Properties via User-defined Predicates in Separation Logic},
 journal = {Sci. Comput. Program.},
 issue_date = {August, 2012},
 volume = {77},
 number = {9},
 month = aug,
 year = {2012},
 issn = {0167-6423},
 pages = {1006--1036},
 numpages = {31},
 acmid = {2222283},
 publisher = {Elsevier North-Holland, Inc.},
 address = {Amsterdam, The Netherlands, The Netherlands},
 keywords = {Automated verification, Entailment checking, Inductive shape predicates with size and bag properties, Separation logic},
}

@Inbook{Stadtmuller2016,
author="Stadtm{\"u}ller, Kai
and Sulzmann, Martin
and Thiemann, Peter",
editor="Igarashi, Atsushi",
title="Static Trace-Based Deadlock Analysis for Synchronous Mini-Go",
bookTitle="Programming Languages and Systems: 14th Asian Symposium, APLAS 2016, Hanoi, Vietnam, November 21 - 23, 2016, Proceedings",
year="2016",
publisher="Springer International Publishing",
address="Cham",
pages="116--136",
isbn="978-3-319-47958-3",
}

@inproceedings{Lange:2017:FOG:3009837.3009847,
 author = {Lange, Julien and Ng, Nicholas and Toninho, Bernardo and Yoshida, Nobuko},
 title = {Fencing off Go: Liveness and Safety for Channel-based Programming},
 booktitle = {Proceedings of the 44th ACM SIGPLAN Symposium on Principles of Programming Languages},
 series = {POPL 2017},
 year = {2017},
 isbn = {978-1-4503-4660-3},
 location = {Paris, France},
 pages = {748--761},
 numpages = {14},
 acmid = {3009847},
 publisher = {ACM},
 address = {New York, NY, USA},
 keywords = {Channel-based programming, Compile-time (static) deadlock detection, Message-passing programming, Process calculus, Safety and Liveness, Types},
}

@inproceedings{Hobor:treeshare,
 author = {Robert Dockins and Aquinas Hobor},
 title = {A fresh look at separation algebras and share accounting},
 booktitle = {Proceedings of APLAS},
 year = {2009},
 location = {Shanghai,China},
 pages = {161-177},
  publisher = {LNCS},
 keywords = {Channel-based programming, Compile-time (static) deadlock detection, Message-passing programming, Process calculus, Safety and Liveness, Types},
}

@article{Honda:2008:MAS:1328897.1328472,
author = {Kohei Honda and Nobuko Yoshida and Marco Carbone},
  title = {{Multiparty Asynchronous Session Types}},
  journal = {Journal of the ACM},
  volume = {63},
  issue = {1-9},
  pages = {1--67},
  publisher = {ACM},
  year = 2016
}

@article{Carbone:2013:DMA:2480359.2429101,
 author = {Carbone, Marco and Montesi, Fabrizio},
 title = {Deadlock-freedom-by-design: Multiparty Asynchronous Global Programming},
 journal = {SIGPLAN Not.},
 issue_date = {January 2013},
 volume = {48},
 number = {1},
 month = jan,
 year = {2013},
 issn = {0362-1340},
 pages = {263--274},
 numpages = {12},
 acmid = {2429101},
 publisher = {ACM},
 address = {New York, NY, USA},
 keywords = {choreography, concurrency, sessions, types},
}

@inproceedings{Denielou:2011:DMS:1926385.1926435,
 author = {Deni{\'e}lou, Pierre-Malo and Yoshida, Nobuko},
 title = {Dynamic Multirole Session Types},
 booktitle = {Proceedings of the 38th Annual ACM SIGPLAN-SIGACT Symposium on Principles of Programming Languages},
 series = {POPL '11},
 year = {2011},
 isbn = {978-1-4503-0490-0},
 location = {Austin, Texas, USA},
 pages = {435--446},
 numpages = {12},
 acmid = {1926435},
 publisher = {ACM},
 address = {New York, NY, USA},
 keywords = {auction, communications, dynamic protocols, join-leave, mobile processes, multiparty, peer-to-peer, roles, session types},
}



@inproceedings{Neykova:2017,
  author = {Rumyana Neykova and Nobuko Yoshida},
  title = {{Let It Recover: Multiparty Protocol-Induced Recovery}},
  booktitle = {CC 2017},
  publisher = {ACM},
  year = 2017
}


@inproceedings{Cogumbreiro:2015,
  author = {Tiago Cogumbreiro and Raymond Hu and Francisco Martins and Nobuko Yoshida},
  title = {{Dynamic deadlock verification for general barrier synchronisation}},
  booktitle = {PPoPP 2015},
  publisher = {ACM},
  year = 2015
}

@inproceedings{Ng:2016,
  author = {Nicholas Ng and Nobuko Yoshida},
  title = {{Static Deadlock Detection for Concurrent Go by Global Session Graph Synthesis}},
  booktitle = {CC 2016},
  publisher = {ACM},
  year = 2016
}


@inproceedings{Lopez:2015,
  author = {Hugo A. Lopez and Eduardo R. B. Marques and Francisco Martins and Nicholas Ng and César Santos and Vasco Thudichum Vasconcelos and Nobuko Yoshida},
  title = {{Protocol-Based Verification of Message-Passing Parallel Programs}},
  booktitle = {OOPSLA'15},
  publisher = {ACM},
  year = 2015
}

@inproceedings{Bocchi:2012,
  author = {Laura Bocchi and Romain Demangeon and Nobuko Yoshida},
  title = {{A Multiparty Multi-Session Logic}},
  booktitle = {TGC 2012},
  series = {LNCS},
  volume = {8191},
  publisher = {Springer},
  year = 2012
}



@incollection{hoare1978communicating,
  title={{Communicating Sequential Processes}},
  author={Hoare, Charles Antony Richard},
  booktitle={The origin of concurrent programming},
  pages={413--443},
  year={1978},
  publisher={Springer}
}



@article{hoare2008separation,
  title={{Separation Logic Semantics for Communicating Processes}},
  author={Hoare, Tony and O'Hearn, Peter},
  journal={Electronic Notes in Theoretical Computer Science},
  volume={212},
  pages={3--25},
  year={2008},
  publisher={Elsevier}
}






@inproceedings{Ng:2012,
  author = {Nicholas Ng and Nobuko Yoshida and Kohei Honda},
  title = {{Multiparty Session C: Safe Parallel Programming with Message Optimisation}},
  booktitle = {TOOLS 2012},
  series = {LNCS},
  volume = {7304},
  publisher = {Springer},
  year = 2012
}

@inproceedings{Denielou:2012,
  author = {Pierre-Malo Denielou and Nobuko Yoshida},
  title = {{Multiparty Session Types Meet Communicating Automata}},
  booktitle = {ESOP 2012},
  series = {LNCS},
  volume = {7211},
  publisher = {Springer},
  year = 2012
}


@inproceedings{Denielou:2010,
  author = {Pierre-Malo Denielou and Nobuko Yoshida},
  title = {{Buffered Communication Analysis in Distributed Multiparty Sessions}},
  booktitle = {CONCUR},
  series = {LNCS},
  volume = {6269},
  publisher = {Springer},
  year = 2010
}


@inproceedings{Bocchi:2010,
  author = {Laura Bocchi and Kohei Honda and Emilio Tuosto and Nobuko Yoshida},
  title = {{A Theory of Design-by-Contract for Distributed Multiparty Interactions}},
  booktitle = {CONCUR},
  volume = {6269},
  publisher = {Springer},
  year = 2010
}


@inproceedings{Florin:IECCS15,
 author = {Craciun, Florin and Kiss, Tibor and Costea, Andreea},
 title = {Towards a Session Logic for Communication Protocols},
 booktitle = {ICECCS},
 year = {2015},
 pages = {140--149},
}


@article{Bonelli:JFC05,
 author = {Bonelli, Eduardo and Compagnoni, Adriana and Gunter, Elsa},
 title = {Correspondence Assertions for Process Synchronization in Concurrent Communications},
 journal = {J. Funct. Program.},
 issue_date = {March 2005},
 volume = {15},
 number = {2},
 month = mar,
 year = {2005},
 issn = {0956-7968},
 pages = {219--247},
 numpages = {29},
 acmid = {1052520},
 publisher = {Cambridge University Press},
 address = {New York, NY, USA},
}



@article{Gay:acta2005,
 author = {Gay, Simon and Hole, Malcolm},
 title = {Subtyping for Session Types in the Pi Calculus},
 journal = {Acta Inf.},
 issue_date = {November 2005},
 volume = {42},
 number = {2},
 month = nov,
 year = {2005},
 issn = {0001-5903},
 pages = {191--225},
 numpages = {35},
 acmid = {1104646},
 publisher = {Springer-Verlag New York, Inc.},
 address = {Secaucus, NJ, USA},
}


@inproceedings{Honda:esop98,
 author = {Honda, Kohei and Vasconcelos, Vasco Thudichum and Kubo, Makoto},
 title = {Language Primitives and Type Discipline for Structured Communication-Based Programming},
 booktitle = {ESOP},
 year = {1998},
}


@article{Vasconcelos:tcs06,
 author = {Vasconcelos, Vasco T. and Gay, Simon J. and Ravara, Ant\'{o}nio},
 title = {Type Checking a Multithreaded Functional Language with Session Types},
 journal = {Theor. Comput. Sci.},
 issue_date = {December, 2006},
 volume = {368},
 number = {1-2},
 month = dec,
 year = {2006},
 issn = {0304-3975},
 pages = {64--87},
 numpages = {24},
 acmid = {1222022},
 publisher = {Elsevier Science Publishers Ltd.},
 address = {Essex, UK},
 keywords = {Concurrent programming, Session types, Specification of communication protocols, Static type checking},
}


@inproceedings{Carbone:esop07,
 author = {Carbone, Marco and Honda, Kohei and Yoshida, Nobuko},
 title = {Structured Communication-centred Programming for Web Services},
 booktitle = {Proceedings of the 16th European Symposium on Programming},
 series = {ESOP'07},
 year = {2007},
 isbn = {978-3-540-71314-2},
 location = {Braga, Portugal},
 pages = {2--17},
 numpages = {16},
 acmid = {1762178},
 publisher = {Springer-Verlag},
 address = {Berlin, Heidelberg},
}


@inproceedings{Fahndrich:os2006,
 author = {F\"{a}hndrich, Manuel and Aiken, Mark and Hawblitzel, Chris and Hodson, Orion and Hunt, Galen and Larus, James R. and Levi, Steven},
 title = {Language Support for Fast and Reliable Message-based Communication in Singularity OS},
 booktitle = {Proceedings of the 1st ACM SIGOPS/EuroSys European Conference on Computer Systems 2006},
 series = {EuroSys '06},
 year = {2006},
 isbn = {1-59593-322-0},
 location = {Leuven, Belgium},
 pages = {177--190},
 numpages = {14},
 acmid = {1217953},
 publisher = {ACM},
 address = {New York, NY, USA},
 keywords = {asynchronous communication, channels, data ownership, protocols, static checking},
}


@inproceedings{Dezani-Ciancaglini:fmco2006,
 author = {Dezani-Ciancaglini, Mariangiola and Giachino, Elena and Drossopoulou, Sophia and Yoshida, Nobuko},
 title = {Bounded Session Types for Object Oriented Languages},
 booktitle = {Proceedings of the 5th International Conference on Formal Methods for Components and Objects},
 series = {FMCO'06},
 year = {2007},
 isbn = {3-540-74791-5, 978-3-540-74791-8},
 location = {Amsterdam, The Netherlands},
 pages = {207--245},
 numpages = {39},
 acmid = {1777721},
 publisher = {Springer-Verlag},
 address = {Berlin, Heidelberg},
}


@inproceedings{Dezani-Ciancaglini:ecoop06,
 author = {Dezani-Ciancaglini, Mariangiola and Mostrous, Dimitris and Yoshida, Nobuko and Drossopoulou, Sophia},
 title = {Session Types for Object-oriented Languages},
 booktitle = {ECOOP},
 year = {2006},
 pages = {328--352},
 publisher = {Springer-Verlag}
}



@inproceedings{Gay:popl10,
 author = {Gay, Simon J. and Vasconcelos, Vasco T. and Ravara, Ant\'{o}nio and Gesbert, Nils and Caldeira, Alexandre Z.},
 title = {Modular Session Types for Distributed Object-oriented Programming},
 booktitle = {POPL},
 year = {2010},
 pages = {299--312}
}



@inproceedings{Castagna:ppdp09,
 author = {Castagna, Giuseppe and Dezani-Ciancaglini, Mariangiola and Giachino, Elena and Padovani, Luca},
 title = {Foundations of Session Types},
 booktitle = {Proceedings of the 11th ACM SIGPLAN Conference on Principles and Practice of Declarative Programming},
 series = {PPDP '09},
 year = {2009},
 isbn = {978-1-60558-568-0},
 location = {Coimbra, Portugal},
 pages = {219--230},
 numpages = {12},
 acmid = {1599437},
 publisher = {ACM},
 address = {New York, NY, USA},
 keywords = {communication centered programming, concurrency, semantic subtyping, sessions types, testing equivalencies},
}



@inproceedings{villard2009proving,
  title={{Proving Copyless Message Passing}},
  author={Villard, Jules and Lozes, Etienne and Calcagno, Cristiano},
  booktitle={APLAS},
  pages={194--209},
  year={2009},
  organization={Springer}
}



@inproceedings{bell2010concurrent,
  title={{Concurrent Separation Logic for Pipelined Parallelization}},
  author={Bell, Christian J and Appel, Andrew W and Walker, David},
  booktitle={International Static Analysis Symposium},
  pages={151--166},
  year={2010},
  organization={Springer}
}




@inproceedings{Wadler:icfp12,
 author = {Wadler, Philip},
 title = {Propositions As Sessions},
 booktitle = {ICFP},
 year = {2012},
 isbn = {978-1-4503-1054-3},
 location = {Copenhagen, Denmark},
 pages = {273--286},
 numpages = {14},
 acmid = {2364568},
 publisher = {ACM},
}


@inproceedings{Caires:concur10,
 author = {Caires, Lu\'{\i}s and Pfenning, Frank},
 title = {Session Types As Intuitionistic Linear Propositions},
 booktitle = {CONCUR},
 year = {2010},
 isbn = {3-642-15374-7, 978-3-642-15374-7},
 location = {Paris, France},
 pages = {222--236},
 numpages = {15},
 acmid = {1887670},
 publisher = {Springer-Verlag},
 address = {Berlin, Heidelberg},
}


@inproceedings{Caires:esop2009,
 author = {Caires, Lu\'{\i}s and Vieira, Hugo Torres},
 title = {Conversation Types},
 booktitle = {Proceedings of the 18th European Symposium on Programming Languages and Systems: Held As Part of the Joint European Conferences on Theory and Practice of Software, ETAPS 2009},
 series = {ESOP '09},
 year = {2009},
 isbn = {978-3-642-00589-3},
 location = {York, UK},
 pages = {285--300},
 numpages = {16},
 publisher = {Springer-Verlag},
 address = {Berlin, Heidelberg},
}



@article{Capecchi:msc2014,
  author = {Sara Capecchi and Elena Giachino and Nobuko Yoshida},
  title = {{Global Escape in Multiparty Sessions}},
  journal = {MSCS},
  volume = {26},
  issue = {SI2},
  pages = {156--295},
  publisher = {Cambridge University Press},
  year = 2014
}



@inproceedings{bettini2008global,
  title={Global progress in dynamically interleaved multiparty sessions},
  author={Bettini, Lorenzo and Coppo, Mario and D’Antoni, Loris and De Luca, Marco and Dezani-Ciancaglini, Mariangiola and Yoshida, Nobuko},
  booktitle={CONCUR},
  pages={418--433},
  year={2008},
  organization={Springer}
}


@article{villard:scp14,
  title = "Shared contract-obedient channels ",
journal = "Science of Computer Programming ",
booktitle={ICE},
year = "2015",
author = "Étienne Lozes and Jules Villard",
}

@inproceedings{reynolds2002separation,
  title={Separation logic: A logic for shared mutable data structures},
  author={Reynolds, John C},
  booktitle={LICS},
  pages={55--74},
  year={2002},
 }


@inproceedings{Maiya:pldi14,
 author = {Maiya, Pallavi and Kanade, Aditya and Majumdar, Rupak},
 title = {Race Detection for Android Applications},
 booktitle = {Proceedings of the 35th ACM SIGPLAN Conference on Programming Language Design and Implementation},
 series = {PLDI '14},
 year = {2014},
 isbn = {978-1-4503-2784-8},
 location = {Edinburgh, United Kingdom},
 pages = {316--325},
 numpages = {10},
 acmid = {2594311},
 publisher = {ACM},
 address = {New York, NY, USA},
 keywords = {Android concurrency semantics, data races, happens-before reasoning},
}



@article{turon2011resource,
  title={{A Resource Analysis of the $\pi$-calculus}},
  author={Turon, Aaron and Wand, Mitchell},
  journal={Electronic Notes in Theoretical Computer Science},
  volume={276},
  pages={313--334},
  year={2011},
  publisher={Elsevier}
}



@inproceedings{leino2009basis,
  title={{A Basis for Verifying Multi-Threaded Programs}},
  author={Leino, K Rustan M and M{\"u}ller, Peter},
  booktitle={ESOP},
  pages={378--393},
  year={2009},
  organization={Springer}
}




@inproceedings{Leino:esop10,
 author = {Leino, K. Rustan M. and M\"{u}ller, Peter and Smans, Jan},
 title = {Deadlock-Free Channels and Locks},
 booktitle = {Proceedings of the 19th European Conference on Programming Languages and Systems},
 series = {ESOP'10},
 year = {2010},
 isbn = {3-642-11956-5, 978-3-642-11956-9},
 location = {Paphos, Cyprus},
 pages = {407--426},
 numpages = {20},
 acmid = {2175508},
 publisher = {Springer-Verlag},
 address = {Berlin, Heidelberg},
}


@inproceedings{Balabonski2014,
author={Balabonski, Thibaut
and Pottier, Fran{\c{c}}ois
and Protzenko, Jonathan},
editor={Codish, Michael
and Sumii, Eijiro},
title="Type Soundness and Race Freedom for Mezzo",
bookTitle="Functional and Logic Programming: 12th International Symposium, FLOPS 2014, Kanazawa, Japan, June 4-6, 2014. Proceedings",
year="2014",
publisher="Springer International Publishing",
address="Cham",
pages="253--269",
isbn="978-3-319-07151-0",
}

@inproceedings{Orchard:popl16,
 author = {Orchard, Dominic and Yoshida, Nobuko},
 title = {Effects As Sessions, Sessions As Effects},
 booktitle = {POPL},
 year = {2016},
 isbn = {978-1-4503-3549-2},
 location = {St. Petersburg, FL, USA},
 pages = {568--581},
 numpages = {14},
 acmid = {2837634},
 publisher = {ACM},
 address = {New York, NY, USA},
 keywords = {Concurrent Haskell, PCF, effect systems, encoding, session types, type systems},
}



@inproceedings{Fowler:eptcs16,
  author    = {Simon Fowler},
  editor    = {Massimo Bartoletti and
               Ludovic Henrio and
               Sophia Knight and
               Hugo Torres Vieira},
  title     = {An Erlang Implementation of Multiparty Session Actors},
  booktitle = {Proceedings 9th Interaction and Concurrency Experience, {ICE} 2016,
               Heraklion, Greece, 8-9 June 2016.},
  series    = {{EPTCS}},
  volume    = {223},
  pages     = {36--50},
  year      = {2016},
}


@inproceedings{parkinson2005separation,
  title={Separation logic and abstraction},
  author={Parkinson, Matthew and Bierman, Gavin},
  booktitle={ACM SIGPLAN Notices},
  volume={40},
  number={1},
  pages={247--258},
  year={2005},
  organization={ACM}
}

@inproceedings{Dinsdale-Young:2010:CAP:1883978.1884012,
 author = {Dinsdale-Young, Thomas and Dodds, Mike and Gardner, Philippa and Parkinson, Matthew J. and Vafeiadis, Viktor},
 title = {Concurrent Abstract Predicates},
 booktitle = {ECOOP},
 year = {2010},
 pages = {504--528},
 numpages = {25},
 publisher = {Springer-Verlag}
}


@inproceedings{carbone2008structured,
  title={{Structured Interactional Exceptions in Session Types}},
  author={Carbone, Marco and Honda, Kohei and Yoshida, Nobuko},
  booktitle={CONCUR},
  pages={402--417},
  year={2008},
  organization={Springer}
}

@inproceedings{neubauer2004implementation,
  title={{An Implementation of Session Types}},
  author={Neubauer, Matthias and Thiemann, Peter},
  booktitle={PADL},
  pages={56--70},
  year={2004},
  organization={Springer}
}

@article{lamport1978time,
  title={Time, clocks, and the ordering of events in a distributed system},
  author={Lamport, Leslie},
  journal={Communications of the ACM},
  volume={21},
  number={7},
  pages={558--565},
  year={1978},
  publisher={ACM}
}



@inproceedings{Kang:2017,
 author = {Kang, Jeehoon and Hur, Chung-Kil and Lahav, Ori and Vafeiadis, Viktor and Dreyer, Derek},
 title = {A Promising Semantics for Relaxed-memory Concurrency},
 booktitle = {Proceedings of the 44th ACM SIGPLAN Symposium on Principles of Programming Languages},
 series = {POPL 2017},
 year = {2017},
 isbn = {978-1-4503-4660-3},
 location = {Paris, France},
 pages = {175--189},
 numpages = {15},
 acmid = {3009850},
 publisher = {ACM},
 address = {New York, NY, USA},
 keywords = {C++11, Weak memory models, operational semantics},
}




@article{Zhang:2016,
 author = {Zhang, Yang and Feng, Xinyu},
 title = {An Operational Happens-before Memory Model},
 journal = {Front. Comput. Sci.},
 issue_date = {February  2016},
 volume = {10},
 number = {1},
 month = feb,
 year = {2016},
 issn = {2095-2228},
 pages = {54--81},
 numpages = {28},
 publisher = {Springer-Verlag New York, Inc.},
 address = {Secaucus, NJ, USA},
 keywords = {DRF-Guarantee, JMM, happens-before, operatonal semantics, relaxed memory model},
}

@article{Lamport79,
  author    = {Leslie Lamport},
  title     = {How to Make a Multiprocessor Computer That Correctly Executes Multiprocess
               Programs},
  journal   = {{IEEE} Trans. Computers},
  volume    = {28},
  number    = {9},
  pages     = {690--691},
  year      = {1979},
}

@article{Brookes:2007:SCS:1235896.1236120,
 author = {Brookes, Stephen},
 title = {A Semantics for Concurrent Separation Logic},
 journal = {Theor. Comput. Sci.},
 issue_date = {April, 2007},
 volume = {375},
 number = {1-3},
 month = apr,
 year = {2007},
 issn = {0304-3975},
 pages = {227--270},
 numpages = {44},
 publisher = {Elsevier Science Publishers Ltd.},
 address = {Essex, UK},
 keywords = {Concurrency, Logic, Pointers, Race condition, Semantics},
}

@inproceedings{Reddy:2012:SCI:2103656.2103695,
 author = {Reddy, Uday S. and Reynolds, John C.},
 title = {Syntactic Control of Interference for Separation Logic},
 booktitle = {Proceedings of the 39th Annual ACM SIGPLAN-SIGACT Symposium on Principles of Programming Languages},
 series = {POPL '12},
 year = {2012},
 isbn = {978-1-4503-1083-3},
 location = {Philadelphia, PA, USA},
 pages = {323--336},
 numpages = {14},
 url = {http://doi.acm.org/10.1145/2103656.2103695},
 doi = {10.1145/2103656.2103695},
 acmid = {2103695},
 publisher = {ACM},
 address = {New York, NY, USA},
 keywords = {conditional critical regions, fractional permissions, separation logic, static analysis, syntactic control of interference},
}

@inproceedings{Feng:2007:RCS:1762174.1762193,
 author = {Feng, Xinyu and Ferreira, Rodrigo and Shao, Zhong},
 title = {On the Relationship Between Concurrent Separation Logic and Assume-guarantee Reasoning},
 booktitle = {Proceedings of the 16th European Symposium on Programming},
 series = {ESOP'07},
 year = {2007},
 isbn = {978-3-540-71314-2},
 location = {Braga, Portugal},
 pages = {173--188},
 numpages = {16},
 url = {http://dl.acm.org/citation.cfm?id=1762174.1762193},
 acmid = {1762193},
 publisher = {Springer-Verlag},
 address = {Berlin, Heidelberg},
}

@inproceedings{delmolino2016step,
  title={Step by step towards creating a safe smart contract: Lessons and insights from a cryptocurrency lab},
  author={Delmolino, Kevin and Arnett, Mitchell and Kosba, Ahmed and Miller, Andrew and Shi, Elaine},
  booktitle={FC},
  pages={79--94},
  year={2016},
  organization={Springer}
}

@phdthesis{Andreea2017thesis,
    title    = {A Session Logic for Relaxed Ccommunication Protocols},
    school   = {School of Computing, National University of Singapore},
    author   = {Costea, Andreea},
    year     = {2017}, %other attributes omitted
    type     = {{PhD} dissertation},
}

@Comment @article{carbone2017multiparty,
@Comment   title={Multiparty session types as coherence proofs},
@Comment   author={Carbone, Marco and Montesi, Fabrizio and Sch{\"u}rmann, Carsten and Yoshida, Nobuko},
@Comment   journal={Acta Informatica},
@Comment   volume={54},
@Comment   number={3},
@Comment   pages={243--269},
@Comment   year={2017},
@Comment   publisher={Springer}
@Comment }

@inproceedings{CMSY2015,
  author = {Marco Carbone and Fabrizio Montesi and Carsten Schürmann and Nobuko Yoshida},
  title = {{Multiparty Session Types as Coherence Proofs}},
  booktitle = {CONCUR},
  volume = {42},
  pages = {412--426},
  year = 2015
}

@inproceedings{hawblitzel2015ironfleet,
  title={IronFleet: proving practical distributed systems correct},
  author={Hawblitzel, Chris and Howell, Jon and Kapritsos, Manos and Lorch, Jacob R and Parno, Bryan and Roberts, Michael L and Setty, Srinath and Zill, Brian},
  booktitle={SOSP},
  pages={1--17},
  year={2015},
  organization={ACM}
}

@article{Sergey:2017:PPD:3177123.3158116,
 author = {Sergey, Ilya and Wilcox, James R. and Tatlock, Zachary},
 title = {Programming and Proving with Distributed Protocols},
 journal = {POPL},
 issue_date = {January 2018},
 volume = {2},
 pages = {28:1--28:30},
 articleno = {28},
}

@inproceedings{boyland2003checking,
  title={{Checking Interference with Fractional Permissions}},
  author={Boyland, John},
  booktitle={International Static Analysis Symposium},
  pages={55--72},
  year={2003},
  organization={Springer Berlin Heidelberg}
}

@inproceedings{Nguyen:CAV08,
  author    = {Huu Hai Nguyen and
               Wei-Ngan Chin},
  title     = {Enhancing Program Verification with Lemmas},
  booktitle = {CAV},
  year      = {2008},
  pages     = {355-369},
}

@book{Silberschatz:2008:OSC:1412284,
 author = {Silberschatz, Abraham and Galvin, Peter Baer and Gagne, Greg},
 title = {Operating System Concepts},
 year = {2008},
 isbn = {0470128720},
 edition = {8th},
 publisher = {Wiley Publishing},
}

@inproceedings{toninho2011dependent,
  title={Dependent session types via intuitionistic linear type theory},
  author={Toninho, Bernardo and Caires, Lu{\'\i}s and Pfenning, Frank},
  booktitle={PPDP},
  pages={161--172},
  year={2011},
  organization={ACM}
}


@article{o1999logic,
  title={{The Logic of Bunched Implications}},
  author={O'Hearn, Peter W and Pym, David J},
  journal={Bulletin of Symbolic Logic},
  volume={5},
  number={2},
  pages={215--244},
  year={1999},
  publisher={Cambridge University Press}
}

@article{DBLP:journals/pacmpl/BalzerP17,
  author    = {Stephanie Balzer and
               Frank Pfenning},
  title     ={{Manifest Sharing with Session Types}},
  journal   = {{PACMPL}},
  volume    = {1},
  number    = {{ICFP}},
  year      = {2017},
}

@misc{Mercurius,
  title = {Mercurius},
  howpublished = {\url{http://loris-5.d2.comp.nus.edu.sg/Mercurius}}
}